%% This BibTeX bibliography file was created using BibDesk.
%% https://bibdesk.sourceforge.io/

%% Created for JR at 2019-03-20 05:50:46 -0700 


%% Saved with string encoding Unicode (UTF-8) 



@book{Mitt04,
	Author = {Frank Mittelbach and Michel Goossens},
	Date-Added = {2019-03-20 05:46:07 -0700},
	Date-Modified = {2019-03-20 05:50:42 -0700},
	Edition = {2nd},
	Publisher = {Addison-Wesley},
	Title = {The LaTeX Companion},
	Year = {2004}}

@book{Lamp86,
	Address = {Reading, MA},
	Author = {Leslie Lamport},
	Date-Added = {2019-03-20 05:42:28 -0700},
	Date-Modified = {2019-03-20 05:45:43 -0700},
	Publisher = {Addison-Wesley},
	Title = {LaTeX - A Document Preparation System},
	Year = {1986}}

@book{Knuth84,
	Author = {Donald E. Knuth},
	Date-Added = {2019-03-19 19:19:58 -0700},
	Date-Modified = {2019-03-19 19:22:03 -0700},
	Publisher = {Addison-Wesley},
	Title = {The TeXbook},
	Year = {1984}}
